@Comment local.bib -*- mode: BibTeX -*-


@book{abnett07__broth_snake_,
 title        = {Brothers of the Snake},
 author       = {Abnett, Dan},
 year         = {2007},
 tags         = {40k, fiction, science_fiction, warhammer},
 publisher    = {The Black Library},
 isbn         = {1-84416-475-6},
 file         = {2007/Abnett/Abnett_2007_Brothers_of_the_Snake.epub},
}

@book{abnett07_only_death_,
 title        = {Only in Death},
 author       = {Abnett, Dan},
 year         = {2007},
 tags         = {40k, fiction, science_fiction, warhammer},
 publisher    = {The Black Library},
 isbn         = {1-84416-662-7},
 file         = {2007/Abnett/Abnett_2007_Only_in_Death.epub},
}
